<record><leader>00000cas a2200000 a 4500</leader><controlfield tag="001">2266552</controlfield><controlfield tag="008">760620d18301920riudr ne      0    0eng c</controlfield><datafield ind1=" " ind2=" " tag="010"><subfield code="a">sn 83021631 </subfield></datafield><datafield ind1=" " ind2=" " tag="040"><subfield code="a">PIT</subfield><subfield code="b">eng</subfield><subfield code="c">PIT</subfield><subfield code="d">OCL</subfield><subfield code="d">NPX</subfield><subfield code="d">NPU</subfield><subfield code="d">NPY</subfield><subfield code="d">DLC</subfield><subfield code="d">NPA</subfield><subfield code="d">DLC</subfield><subfield code="d">ANU</subfield><subfield code="d">OCL</subfield><subfield code="d">RHN</subfield><subfield code="d">MGN</subfield><subfield code="d">YOX</subfield><subfield code="d">RHN</subfield><subfield code="d">CNK</subfield><subfield code="d">CRL</subfield><subfield code="d">NVK</subfield><subfield code="d">OCL</subfield><subfield code="d">CVF</subfield><subfield code="d">DLC</subfield><subfield code="d">NYS</subfield><subfield code="d">UBY</subfield><subfield code="d">KRTAS</subfield><subfield code="d">CUI</subfield><subfield code="d">DLC</subfield><subfield code="d">OCLCQ</subfield><subfield code="d">OCLCA</subfield><subfield code="d">OCLCF</subfield></datafield><datafield ind1=" " ind2=" " tag="042"><subfield code="a">pcc</subfield></datafield><datafield ind1=" " ind2=" " tag="043"><subfield code="a">n-us-ri</subfield></datafield><datafield ind1="0" ind2="0" tag="050"><subfield code="a">Newspaper</subfield></datafield><datafield ind1="1" ind2="4" tag="050"><subfield code="a">F89.P9</subfield><subfield code="b">P76x</subfield></datafield><datafield ind1=" " ind2="4" tag="050"><subfield code="a">AN</subfield></datafield><datafield ind1="0" ind2="0" tag="245"><subfield code="a">Providence daily journal.</subfield></datafield><datafield ind1="3" ind2=" " tag="246"><subfield code="a">Providence journal</subfield></datafield><datafield ind1="3" ind2=" " tag="246"><subfield code="a">Daily journal</subfield></datafield><datafield ind1="1" ind2=" " tag="246"><subfield code="i">Sunday issues for 1830-1920 published as:</subfield><subfield code="a">Providence Sunday journal</subfield></datafield><datafield ind1=" " ind2=" " tag="260"><subfield code="a">Providence [R.I.] :</subfield><subfield code="b">J. Miller,</subfield><subfield code="c">1830-1920.</subfield></datafield><datafield ind1=" " ind2=" " tag="300"><subfield code="a">92 v. ;</subfield><subfield code="c">68 cm.</subfield></datafield><datafield ind1=" " ind2=" " tag="310"><subfield code="a">Daily,</subfield><subfield code="b">July 19, 1885-Feb. 9, 1920</subfield></datafield><datafield ind1=" " ind2=" " tag="321"><subfield code="a">Daily (except Sunday),</subfield><subfield code="b">June 5, 1830-July 18, 1885</subfield></datafield><datafield ind1="0" ind2=" " tag="362"><subfield code="a">Vol. 1, no. 271 (June 5, 1830)-v. 92, no. 34 (Feb. 9, 1920).</subfield></datafield><datafield ind1=" " ind2=" " tag="530"><subfield code="a">Available on microfilm from Recordak Corp.</subfield></datafield><datafield ind1=" " ind2=" " tag="580"><subfield code="a">Evening ed.: Evening bulletin (Providence, R.I.), 1863-1920.</subfield></datafield><datafield ind1=" " ind2=" " tag="580"><subfield code="a">Weekly eds.: Independent inquirer and Rhode-Island journal; Rhode-Island country journal, and independent inquirer; Rhode-Island country journal.</subfield></datafield><datafield ind1=" " ind2=" " tag="580"><subfield code="a">Semiweekly eds.: Manufacturers' &amp; farmers' journal, Providence and Pawtucket advertiser; Manufacturers and farmers journal.</subfield></datafield><datafield ind1=" " ind2=" " tag="580"><subfield code="a">Campaign ed.: The Campaign journal.</subfield></datafield><datafield ind1=" " ind2="0" tag="651"><subfield code="a">Providence (R.I.)</subfield><subfield code="v">Newspapers.</subfield></datafield><datafield ind1=" " ind2="0" tag="651"><subfield code="a">Providence County (R.I.)</subfield><subfield code="v">Newspapers.</subfield></datafield><datafield ind1=" " ind2="7" tag="655"><subfield code="a">Newspapers.</subfield><subfield code="2">fast</subfield><subfield code="0">(OCoLC)fst01423814</subfield></datafield><datafield ind1=" " ind2="7" tag="651"><subfield code="a">Rhode Island</subfield><subfield code="z">Providence.</subfield><subfield code="2">fast</subfield><subfield code="0">(OCoLC)fst01204977</subfield></datafield><datafield ind1=" " ind2="7" tag="651"><subfield code="a">Rhode Island</subfield><subfield code="z">Providence County.</subfield><subfield code="2">fast</subfield><subfield code="0">(OCoLC)fst01211868</subfield></datafield><datafield ind1=" " ind2=" " tag="752"><subfield code="a">United States</subfield><subfield code="b">Rhode Island</subfield><subfield code="c">Providence</subfield><subfield code="d">Providence.</subfield></datafield><datafield ind1="1" ind2=" " tag="775"><subfield code="t">Evening bulletin (Providence, R.I.)</subfield><subfield code="w">(DLC)sn 83045219</subfield><subfield code="w">(OCoLC)9378311</subfield></datafield><datafield ind1="1" ind2=" " tag="775"><subfield code="t">Independent inquirer and Rhode-Island journal</subfield><subfield code="w">(DLC)sn 83021407</subfield><subfield code="w">(OCoLC)10257465</subfield></datafield><datafield ind1="1" ind2=" " tag="775"><subfield code="t">Rhode-Island country journal, and independent inquirer</subfield><subfield code="w">(DLC)sn 83021408</subfield><subfield code="w">(OCoLC)2267191</subfield></datafield><datafield ind1="1" ind2=" " tag="775"><subfield code="t">Rhode-Island country journal</subfield><subfield code="w">(DLC)sn 83021409</subfield><subfield code="w">(OCoLC)10257860</subfield></datafield><datafield ind1="1" ind2=" " tag="775"><subfield code="t">Manufacturers' &amp; farmers' journal, Providence and Pawtucket advertiser</subfield><subfield code="w">(DLC)sn 83021613</subfield><subfield code="w">(OCoLC)2263835</subfield></datafield><datafield ind1="1" ind2=" " tag="775"><subfield code="t">Manufacturers and farmers journal</subfield><subfield code="w">(DLC)sn 83021620</subfield><subfield code="w">(OCoLC)10258084</subfield></datafield><datafield ind1="1" ind2=" " tag="775"><subfield code="t">Campaign journal</subfield><subfield code="w">(DLC)sn 91070593</subfield><subfield code="w">(OCoLC)24643525</subfield></datafield><datafield ind1="0" ind2="8" tag="776"><subfield code="i">Online version:</subfield><subfield code="t">Providence daily journal (Online)</subfield><subfield code="w">(OCoLC)192107491</subfield></datafield><datafield ind1="0" ind2="0" tag="780"><subfield code="t">Providence daily journal, and general advertiser</subfield><subfield code="w">(DLC)sn 83021630</subfield><subfield code="w">(OCoLC)10258162</subfield></datafield><datafield ind1="0" ind2="0" tag="785"><subfield code="t">Providence journal</subfield><subfield code="w">(DLC)sn 83045378</subfield><subfield code="w">(OCoLC)9440205</subfield></datafield><datafield ind1=" " ind2=" " tag="938"><subfield code="a">Kirtas Technologies, Inc.</subfield><subfield code="b">KRTS</subfield><subfield code="n">735702</subfield></datafield></record>